<record><leader>00000cas a22000007a 4500</leader><controlfield tag="001">20981674</controlfield><controlfield tag="008">900131d19891990mouwr ne      0    0eng d</controlfield><datafield ind1=" " ind2=" " tag="010"><subfield code="a">sn 90061013 </subfield></datafield><datafield ind1=" " ind2=" " tag="040"><subfield code="a">MQN</subfield><subfield code="b">eng</subfield><subfield code="c">MQN</subfield><subfield code="d">OCLCQ</subfield></datafield><datafield ind1=" " ind2=" " tag="042"><subfield code="a">msc</subfield></datafield><datafield ind1="0" ind2="0" tag="245"><subfield code="a">Clay/Platte sun.</subfield></datafield><datafield ind1=" " ind2=" " tag="260"><subfield code="a">Gladstone, Mo. :</subfield><subfield code="b">Northland Sun Pub. Co.,</subfield><subfield code="c">1989-1990.</subfield></datafield><datafield ind1=" " ind2=" " tag="300"><subfield code="a">v.</subfield></datafield><datafield ind1=" " ind2=" " tag="310"><subfield code="a">Weekly</subfield></datafield><datafield ind1="0" ind2=" " tag="362"><subfield code="a">Vol. 20, no. 32 (Apr. 19, 1989)-v. 21, no. 18 (Jan. 10, 1990).</subfield></datafield><datafield ind1=" " ind2=" " tag="580"><subfield code="a">Other eds.: North Kansas City sun; Gladstone sun chronicle; Liberty sun.</subfield></datafield><datafield ind1=" " ind2=" " tag="752"><subfield code="a">United States</subfield><subfield code="b">Missouri</subfield><subfield code="c">Clay</subfield><subfield code="d">Gladstone.</subfield></datafield><datafield ind1=" " ind2=" " tag="752"><subfield code="a">United States</subfield><subfield code="b">Missouri</subfield><subfield code="c">Platte.</subfield></datafield><datafield ind1="1" ind2=" " tag="775"><subfield code="t">Gladstone sun chronicle</subfield><subfield code="w">(DLC)sn 89067429</subfield></datafield><datafield ind1="1" ind2=" " tag="775"><subfield code="t">Liberty sun</subfield><subfield code="w">(DLC)sn 90061015</subfield></datafield><datafield ind1="1" ind2=" " tag="775"><subfield code="t">North Kansas City sun</subfield></datafield><datafield ind1="0" ind2="0" tag="780"><subfield code="t">Clay County sun</subfield><subfield code="w">(DLC)sn 90061012</subfield></datafield><datafield ind1="0" ind2="0" tag="785"><subfield code="t">Sun chronicle (Clay/Platte, Mo. edition)</subfield><subfield code="w">(DLC)sn 93060196</subfield></datafield></record>